<?xml version="1.0" encoding="UTF-8"?><collection xmlns="http://www.loc.gov/MARC21/slim"><record><leader>00333nam--2200133-i-4500</leader><controlfield tag="001">000028847</controlfield><controlfield tag="002">20161230</controlfield><controlfield tag="005">20161230201037</controlfield><controlfield tag="008">060222s1000------------r-----000-0-eng-d</controlfield><datafield ind1=" " ind2=" " tag="100"><subfield code="a">Laporte, Marcel</subfield></datafield><datafield ind1=" " ind2=" " tag="245"><subfield code="a">Decharge electrique dans les gas</subfield></datafield><datafield ind1=" " ind2=" " tag="260"><subfield code="a">Paris, Colin, 1948, 214/-221/P</subfield></datafield><datafield ind1=" " ind2=" " tag="490"><subfield code="a">Collection A Colin</subfield></datafield><datafield ind1=" " ind2=" " tag="852"><subfield code="a">1894</subfield></datafield></record></collection>